
@misc{Comp,
  Author = {Hjorth-Jensen, Morten},
  Institution = {University of Oslo},
  Howpublished = {University Lecture Notes},
  Year = {2015},
  Title = {Computational Physics}
}

@book{ThomasAlg,
	author = "Datta, Biswa Nath",
    title = "Numerical Linear Algebra and Applications", 
    publisher = "SIAM",
    year= "2010"
}

@manual{Arma,
	title		= "Armadillo: a template-based C++ library for linear algebra.",
	author		= "Sanderson, Conrad and Curtin, Ryan",
	organization	= "Journal of Open Source Software",
	address	= "http://dx.doi.org/10.21105/joss.00026",
	year		= "2016",
}

Conrad Sanderson and Ryan Curtin.
Armadillo: a template-based C++ library for linear algebra.
Journal of Open Source Software, Vol. 1, pp. 26, 2016.
http://dx.doi.org/10.21105/joss.00026
