@article{greenwade93,
    author  = "George D. Greenwade",
    title   = "The {C}omprehensive {T}ex {A}rchive {N}etwork ({CTAN})",
    year    = "1993",
    journal = "TUGBoat",
    volume  = "14",
    number  = "3",
    pages   = "342--351"
}


@misc{Comp,
  Author = {Hjorth-Jensen, Morten},
  Institution = {University of Oslo},
  Howpublished = {University Lecture Notes},
  Year = {2015},
  Title = {Computational Physics}
}

@misc{physics,
  title = {Physics},
  howpublished = {\url{https://en.wikipedia.org/wiki/Physics}},
  note = {Accessed: 29.09.2017}
}


@book{LinAlg,
	author = "David Lay",
    title = "Linear Algebra and Its Applications", 
    publisher = "Pearson",
    year= "2014"
}

@book{Qm,
    author = "David Griffiths",
    title = "Introduction to Quantum Mechanics",
    publisher = "Pearson",
    year = "2014"
}

@book{ThomasAlg,
	author = "Datta, Biswa Nath",
    title = "Numerical Linear Algebra and Applications", 
    publisher = "SIAM",
    year= "2010"
}

@manual{Arma,
	title		= "Armadillo: a template-based C++ library for linear algebra.",
	author		= "Sanderson, Conrad and Curtin, Ryan",
	organization	= "Journal of Open Source Software",
	address	= "http://dx.doi.org/10.21105/joss.00026",
	year		= "2016",
}

@misc{pro1,
  Author = {Hjorth-Jensen, Morten},
  Institution = {University of Oslo},
  Howpublished = {University Project Decription},
  Year = {2017},
  Title = {Project 1}
}

@misc{pro2,
  Author = {Hjorth-Jensen, Morten},
  Institution = {University of Oslo},
  Howpublished = {University Project Decription},
  Year = {2017},
  Title = {Project 2}
}