
@article{greenwade93,
    author  = "George D. Greenwade",
    title   = "The {C}omprehensive {T}ex {A}rchive {N}etwork ({CTAN})",
    year    = "1993",
    journal = "TUGBoat",
    volume  = "14",
    number  = "3",
    pages   = "342--351"
}

@article{schelton_schlax_1996,
    author  = "Dudley B. Chelton",
    title   = "Global observations of Oceanic Rossby Waves",
    year    = "1996",
    journal = "Science",
    volume  = "272",
    number  = "5259",
}

@book{GravityWaves,
    author = "Carmen J. Nappo.",
    title = "An introduction to atmospheric gravity waves",
    publisher = "Elsevier",
    year = "2013"
}

@book{VGS-FYS,
    author = "Thomas Griffiths, Juliet Brosinger",
    title = "The Physics of Everyday Phenomena",
    publisher = "McGraw-Hill Education",
    year = "2015"
}

@InCollection{newton-principia,
	author       =	{Newton, Isaac},
	title        =	{Philosophiae Naturalis Principia Mathematica},
	howpublished =	{\url{https://docs.lib.noaa.gov/rescue/Rarebook_treasures/QA803A451846.PDF}},
	year         =	{1687},
	publisher    =	{Daniel Adeen}
}

@misc{Comp,
  Author = {Hjorth-Jensen, Morten},
  Institution = {University of Oslo},
  Howpublished = {University Lecture Notes},
  Year = {2015},
  Title = {Computational Physics}
}

@misc{fluid_dynamics_notes,
  Author = {LaCasce, Joseph},
  Institution = {University of Oslo},
  howpublished = {\url{http://folk.uio.no/josepl/papers/dynbook7.pdf}},
  Year = {2017},
  Title = {Geophysical Fluid Dynamics}
}

@misc{lars_petter,
  Author = {Røed, Lars Petter},
  Institution = {University of Oslo},
  howpublished = {\url{http://www.uio.no/studier/emner/matnat/geofag/GEF4510/h16/course_material/gef4510_2016.pdf}},
  Year = {2016},
  Title = {Atmospheres and Oceans on Computers: Fundamentals}
}


@misc{arma_doc,
  title = {Armadillo documentation},
  howpublished = {\url{http://arma.sourceforge.net/docs.html}},
  note = {Accessed: 02.12.2017}
}

@misc{sun,
  title = {Space Facts},
  howpublished = {\url{https://space-facts.com/the-suns-mass/}},
  note = {Accessed: 23.10.2017}
}

@misc{solar,
  title = {slate.com},
  howpublished = {\url{http://www.slate.com/blogs/bad_astronomy/2014/07/14/solar_wind_versus_fusion_how_does_the_sun_lose_mass.html}},
  note = {Accessed: 17.10.2017}
}

@misc{ang_mom_conserve,
  title = {Encyclopædia Britannica},
  howpublished = {\url{https://www.britannica.com/science/conservation-law}},
  note = {Accessed: 21.10.2017}
}

@misc{physics,
  title = {Physics},
  howpublished = {\url{https://en.wikipedia.org/wiki/Physics}},
  note = {Accessed: 29.09.2017}
}

@misc{Report1,
  title = {Project 1 - FYS4150},
  howpublished = {\url{https://github.com/jostbr/FYS4150-Projects/blob/master/Project1/report/report.pdf}},
  note = {Accessed: 01.12.2017}
}


@book{LinAlg,
	author = "David Lay",
    title = "Linear Algebra and Its Applications", 
    publisher = "Pearson",
    year= "2014"
}

@book{Qm,
    author = "David Griffiths",
    title = "Introduction to Quantum Mechanics",
    publisher = "Pearson",
    year = "2014"
}

@book{ThomasAlg,
	author = "Datta, Biswa Nath",
    title = "Numerical Linear Algebra and Applications", 
    publisher = "SIAM",
    year= "2010"
}

@manual{Arma,
	title		= "Armadillo: a template-based C++ library for linear algebra.",
	author		= "Sanderson, Conrad and Curtin, Ryan",
	organization	= "Journal of Open Source Software",
	address	= "http://dx.doi.org/10.21105/joss.00026",
	year		= "2016",
}

@misc{pro1,
  Author = {Hjorth-Jensen, Morten},
  Institution = {University of Oslo},
  Howpublished = {University Project Decription},
  Year = {2017},
  Title = {Project 1}
}

@misc{pro2,
  Author = {Hjorth-Jensen, Morten},
  Institution = {University of Oslo},
  Howpublished = {University Project Decription},
  Year = {2017},
  Title = {Project 2}
}

@misc{pro3,
  Author = {Hjorth-Jensen, Morten},
  Institution = {University of Oslo},
  Howpublished = {University Project Decription},
  Year = {2017},
  Title = {Project 3}
}

@misc{pro5,
  Author = {Hjorth-Jensen, Morten},
  Institution = {University of Oslo},
  Howpublished = {University Project Decription},
  Year = {2017},
  Title = {Project 5 - Wave equation}
}

@book{MathMethods,
	author = "Boas, Mary L.",
    title = "Mathematical Methods in the Physical Sciences", 
    publisher = "Wiley",
    year= "2006"
}

@misc{Rossby,
  title = {What is a Rossby wave?},
  howpublished = {\url{https://oceanservice.noaa.gov/facts/rossby-wave.html}},
  note = {Accessed: 08.12.2017}
}
