@article{greenwade93,
    author  = "George D. Greenwade",
    title   = "The {C}omprehensive {T}ex {A}rchive {N}etwork ({CTAN})",
    year    = "1993",
    journal = "TUGBoat",
    volume  = "14",
    number  = "3",
    pages   = "342--351"
}

@book{VGS-FYS,
    author = "Thomas Griffiths, Juliet Brosinger",
    title = "The Physics of Everyday Phenomena",
    publisher = "McGraw-Hill Education",
    year = "2015"
}

@InCollection{newton-principia,
	author       =	{Newton, Isaac},
	title        =	{Philosophiae Naturalis Principia Mathematica},
	howpublished =	{\url{https://docs.lib.noaa.gov/rescue/Rarebook_treasures/QA803A451846.PDF}},
	year         =	{1687},
	publisher    =	{Daniel Adeen}
}

@misc{Comp,
  Author = {Hjorth-Jensen, Morten},
  Institution = {University of Oslo},
  Howpublished = {University Lecture Notes},
  Year = {2015},
  Title = {Computational Physics}
}

@misc{sun,
  title = {Space Facts},
  howpublished = {\url{https://space-facts.com/the-suns-mass/}},
  note = {Accessed: 23.10.2017}
}

@misc{solar,
  title = {slate.com},
  howpublished = {\url{http://www.slate.com/blogs/bad_astronomy/2014/07/14/solar_wind_versus_fusion_how_does_the_sun_lose_mass.html}},
  note = {Accessed: 17.10.2017}
}

@misc{ang_mom_conserve,
  title = {Encyclop√¶dia Britannica},
  howpublished = {\url{https://www.britannica.com/science/conservation-law}},
  note = {Accessed: 21.10.2017}
}

@misc{physics,
  title = {Physics},
  howpublished = {\url{https://en.wikipedia.org/wiki/Physics}},
  note = {Accessed: 29.09.2017}
}


@book{LinAlg,
	author = "David Lay",
    title = "Linear Algebra and Its Applications", 
    publisher = "Pearson",
    year= "2014"
}

@book{Qm,
    author = "David Griffiths",
    title = "Introduction to Quantum Mechanics",
    publisher = "Pearson",
    year = "2014"
}

@book{ThomasAlg,
	author = "Datta, Biswa Nath",
    title = "Numerical Linear Algebra and Applications", 
    publisher = "SIAM",
    year= "2010"
}

@manual{Arma,
	title		= "Armadillo: a template-based C++ library for linear algebra.",
	author		= "Sanderson, Conrad and Curtin, Ryan",
	organization	= "Journal of Open Source Software",
	address	= "http://dx.doi.org/10.21105/joss.00026",
	year		= "2016",
}

@misc{pro1,
  Author = {Hjorth-Jensen, Morten},
  Institution = {University of Oslo},
  Howpublished = {University Project Decription},
  Year = {2017},
  Title = {Project 1}
}

@misc{pro2,
  Author = {Hjorth-Jensen, Morten},
  Institution = {University of Oslo},
  Howpublished = {University Project Decription},
  Year = {2017},
  Title = {Project 2}
}

@misc{pro3,
  Author = {Hjorth-Jensen, Morten},
  Institution = {University of Oslo},
  Howpublished = {University Project Decription},
  Year = {2017},
  Title = {Project 3}
}